
    <marc:record>
        <marc:leader>01035pam a2200229 a 4500</marc:leader>
        <marc:controlfield tag="001">015706145</marc:controlfield>
        <marc:controlfield tag="003">Uk</marc:controlfield>
        <marc:controlfield tag="008">101124s2011    enk           000 1 eng|d</marc:controlfield>
        <marc:datafield tag="020" ind1=" " ind2=" ">
            <marc:subfield code="a">9780751547511</marc:subfield>
        </marc:datafield>
        <marc:datafield tag="100" ind1="1" ind2=" ">
            <marc:subfield code="a">Cornwell, Patricia,</marc:subfield>
            <marc:subfield code="d">1956-,</marc:subfield>
            <marc:subfield code="q">Patricia Daniels</marc:subfield>
            <marc:subfield code="0">http://viaf.org/viaf/36976332</marc:subfield>
            <marc:subfield code="4">aut</marc:subfield>
        </marc:datafield>
        <marc:datafield tag="245" ind1="1" ind2="0">
            <marc:subfield code="a">Patricia Cornwell omnibus :</marc:subfield>
            <marc:subfield code="b">The body farm ; From potter's field /</marc:subfield>
            <marc:subfield code="c">Patricia Cornwell.</marc:subfield>
        </marc:datafield>
        <marc:datafield tag="260" ind1=" " ind2=" ">
            <marc:subfield code="a">London :</marc:subfield>
            <marc:subfield code="b">Sphere,</marc:subfield>
            <marc:subfield code="c">c2011.</marc:subfield>
        </marc:datafield>
        <marc:datafield tag="300" ind1=" " ind2=" ">
            <marc:subfield code="a">374, 391 p. ;</marc:subfield>
            <marc:subfield code="c">18 cm.</marc:subfield>
        </marc:datafield>
        <marc:datafield tag="336" ind1=" " ind2=" ">
            <marc:subfield code="a">text</marc:subfield>
            <marc:subfield code="b">txt</marc:subfield>
            <marc:subfield code="2">http://rdaregistry.info/termList/RDAContentType/1020</marc:subfield>
        </marc:datafield>
        <marc:datafield tag="337" ind1=" " ind2=" ">
            <marc:subfield code="a">unmediated</marc:subfield>
            <marc:subfield code="2">http://rdaregistry.info/termList/RDAMediaType/1007</marc:subfield>
        </marc:datafield>
        <marc:datafield tag="338" ind1=" " ind2=" ">
            <marc:subfield code="a">volume</marc:subfield>
            <marc:subfield code="b">nc</marc:subfield>
            <marc:subfield code="2">http://rdaregistry.info/termList/RDACarrierType/1049</marc:subfield>
        </marc:datafield>
        <marc:datafield tag="490" ind1="0" ind2=" ">
            <marc:subfield code="a">Scarpetta serien</marc:subfield>
        </marc:datafield>
        <marc:datafield tag="505" ind1="0" ind2=" ">
            <marc:subfield code="a">The body farm -- From potter's field.</marc:subfield>
        </marc:datafield>
        <marc:datafield tag="600" ind1="1" ind2="4">
            <marc:subfield code="a">Scarpetta, Kay,</marc:subfield>
            <marc:subfield code="c">fiktiv person,</marc:subfield>
            <marc:subfield code="0">http://viaf.org/viaf/315992248</marc:subfield>
        </marc:datafield>
        <marc:datafield tag="655" ind1=" " ind2="4">
            <marc:subfield code="a">Kriminal</marc:subfield>
        </marc:datafield>
        <marc:datafield tag="730" ind1="4" ind2=" ">
            <marc:subfield code="a">The body farm,</marc:subfield>
            <marc:subfield code="l">engelsk</marc:subfield>
            <marc:subfield code="0">http://viaf.org/viaf/7011154501918339210008</marc:subfield>
        </marc:datafield>
        <marc:datafield tag="730" ind1="1" ind2=" ">
            <marc:subfield code="a">From Potter's field,</marc:subfield>
            <marc:subfield code="l">engelsk</marc:subfield>
            <marc:subfield code="0">http://viaf.org/viaf/1536145424661086831371</marc:subfield>
        </marc:datafield>
    </marc:record>