
    <marc:record>
        <marc:leader>00818pam a2200205 a 4500</marc:leader>
        <marc:controlfield tag="001">014679833</marc:controlfield>
        <marc:controlfield tag="003">Uk</marc:controlfield>
        <marc:controlfield tag="008">080501s2008    enk           000 1 eng d</marc:controlfield>
        <marc:datafield tag="020" ind1=" " ind2=" ">
            <marc:subfield code="a">9780316733144</marc:subfield>
        </marc:datafield>
        <marc:datafield tag="100" ind1="1" ind2=" ">
            <marc:subfield code="a">Cornwell, Patricia,</marc:subfield>
            <marc:subfield code="d">1956-,</marc:subfield>
            <marc:subfield code="q">Patricia Daniels</marc:subfield>
            <marc:subfield code="0">http://viaf.org/viaf/36976332</marc:subfield>
            <marc:subfield code="4">aut</marc:subfield>
        </marc:datafield>
        <marc:datafield tag="240" ind1="1" ind2="0">
            <marc:subfield code="a">Scarpetta</marc:subfield>
            <marc:subfield code="l">engelsk</marc:subfield>
            <marc:subfield code="0">http://viaf.org/viaf/309351774</marc:subfield>
        </marc:datafield>
        <marc:datafield tag="245" ind1="1" ind2="0">
            <marc:subfield code="a">Scarpetta /</marc:subfield>
            <marc:subfield code="c">Patricia Cornwell.</marc:subfield>
        </marc:datafield>
        <marc:datafield tag="260" ind1=" " ind2=" ">
            <marc:subfield code="a">London :</marc:subfield>
            <marc:subfield code="b">Little, Brown,</marc:subfield>
            <marc:subfield code="c">2008.</marc:subfield>
        </marc:datafield>
        <marc:datafield tag="300" ind1=" " ind2=" ">
            <marc:subfield code="a">500 p. ;</marc:subfield>
            <marc:subfield code="c">25 cm.</marc:subfield>
        </marc:datafield>
        <marc:datafield tag="336" ind1=" " ind2=" ">
            <marc:subfield code="a">text</marc:subfield>
            <marc:subfield code="b">txt</marc:subfield>
            <marc:subfield code="2">http://rdaregistry.info/termList/RDAContentType/1020</marc:subfield>
        </marc:datafield>
        <marc:datafield tag="337" ind1=" " ind2=" ">
            <marc:subfield code="a">unmediated</marc:subfield>
            <marc:subfield code="2">http://rdaregistry.info/termList/RDAMediaType/1007</marc:subfield>
        </marc:datafield>
        <marc:datafield tag="338" ind1=" " ind2=" ">
            <marc:subfield code="a">volume</marc:subfield>
            <marc:subfield code="b">nc</marc:subfield>
            <marc:subfield code="2">http://rdaregistry.info/termList/RDACarrierType/1049</marc:subfield>
        </marc:datafield>
        <marc:datafield tag="490" ind1="0" ind2=" ">
            <marc:subfield code="a">Scarpetta serien</marc:subfield>
        </marc:datafield>
        <marc:datafield tag="600" ind1="1" ind2="4">
            <marc:subfield code="a">Scarpetta, Kay,</marc:subfield>
            <marc:subfield code="c">fiktiv person,</marc:subfield>
            <marc:subfield code="0">http://viaf.org/viaf/315992248</marc:subfield>
        </marc:datafield>
        <marc:datafield tag="655" ind1=" " ind2="4">
            <marc:subfield code="a">Kriminal</marc:subfield>
        </marc:datafield>
    </marc:record>