
    <marc:record>
        <marc:leader>00770nam a2200205 a 450 </marc:leader>
        <marc:controlfield tag="001">0610909</marc:controlfield>
        <marc:controlfield tag="008">180911s2018    no                1 nob  </marc:controlfield>
        <marc:datafield tag="020" ind1=" " ind2=" ">
            <marc:subfield code="a">978-82-05-51750-9</marc:subfield>
        </marc:datafield>
        <marc:datafield tag="040" ind1=" " ind2=" ">
            <marc:subfield code="a">Bokbasen AS</marc:subfield>
        </marc:datafield>
        <marc:datafield tag="100" ind1="1" ind2=" ">
            <marc:subfield code="a">Holt, Anne,</marc:subfield>
            <marc:subfield code="d">1958-,</marc:subfield>
            <marc:subfield code="0">http://viaf.org/viaf/59128005</marc:subfield>
            <marc:subfield code="4">aut</marc:subfield>
        </marc:datafield>
        <marc:datafield tag="240" ind1="1" ind2="0">
            <marc:subfield code="a">En grav for to</marc:subfield>
            <marc:subfield code="n">orsk</marc:subfield>
            <marc:subfield code="0"/>
        </marc:datafield>
        <marc:datafield tag="245" ind1="1" ind2="3">
            <marc:subfield code="a">En grav for to :</marc:subfield>
            <marc:subfield code="b">Selma Falcks første sak /</marc:subfield>
            <marc:subfield code="c">Anne Holt</marc:subfield>
        </marc:datafield>
        <marc:datafield tag="260" ind1=" " ind2=" ">
            <marc:subfield code="a">Oslo :</marc:subfield>
            <marc:subfield code="b">Gyldendal,</marc:subfield>
            <marc:subfield code="c">2018</marc:subfield>
        </marc:datafield>
        <marc:datafield tag="300" ind1=" " ind2=" ">
            <marc:subfield code="a">365 s. ;</marc:subfield>
            <marc:subfield code="c">24 cm</marc:subfield>
        </marc:datafield>
        <marc:datafield tag="336" ind1=" " ind2=" ">
            <marc:subfield code="a">text</marc:subfield>
            <marc:subfield code="b">txt</marc:subfield>
            <marc:subfield code="2">http://rdaregistry.info/termList/RDAContentType/1020</marc:subfield>
        </marc:datafield>
        <marc:datafield tag="337" ind1=" " ind2=" ">
            <marc:subfield code="a">unmediated</marc:subfield>
            <marc:subfield code="2">http://rdaregistry.info/termList/RDAMediaType/1007</marc:subfield>
        </marc:datafield>
        <marc:datafield tag="338" ind1=" " ind2=" ">
            <marc:subfield code="a">volume</marc:subfield>
            <marc:subfield code="b">nc</marc:subfield>
            <marc:subfield code="2">http://rdaregistry.info/termList/RDACarrierType/1049</marc:subfield>
        </marc:datafield>
        <marc:datafield tag="600" ind1="1" ind2="4">
            <marc:subfield code="a">Falck, Selma,</marc:subfield>
            <marc:subfield code="c">fiktiv person</marc:subfield>
        </marc:datafield>
        <marc:datafield tag="655" ind1=" " ind2="4">
            <marc:subfield code="a">Kriminal</marc:subfield>
            <marc:subfield code="2">Bokbasen AS</marc:subfield>
        </marc:datafield>
        <marc:datafield tag="740" ind1="3" ind2=" ">
            <marc:subfield code="a">En grav for 2</marc:subfield>
        </marc:datafield>
    </marc:record>