
    <marc:record>
        <marc:leader>00864nam a22002417a 4500</marc:leader>
        <marc:controlfield tag="001">016524542</marc:controlfield>
        <marc:controlfield tag="003">UkOxU</marc:controlfield>
        <marc:controlfield tag="008">070712s2007    enk           000 1 eng d</marc:controlfield>
        <marc:datafield tag="020" ind1=" " ind2=" ">
            <marc:subfield code="a">9781847440396</marc:subfield>
        </marc:datafield>
        <marc:datafield tag="041" ind1="1" ind2=" ">
            <marc:subfield code="a">eng</marc:subfield>
            <marc:subfield code="h">nor</marc:subfield>
        </marc:datafield>
        <marc:datafield tag="100" ind1="1" ind2=" ">
            <marc:subfield code="a">Holt, Anne,</marc:subfield>
            <marc:subfield code="d">1958-,</marc:subfield>
            <marc:subfield code="0">http://viaf.org/viaf/59128005</marc:subfield>
            <marc:subfield code="4">aut</marc:subfield>
        </marc:datafield>
        <marc:datafield tag="240" ind1="1" ind2="0">
            <marc:subfield code="a">Det som aldri skjer</marc:subfield>
            <marc:subfield code="l">engelsk</marc:subfield>
            <marc:subfield code="0"/>
        </marc:datafield>
        <marc:datafield tag="245" ind1="1" ind2="4">
            <marc:subfield code="a">The final murder /</marc:subfield>
            <marc:subfield code="c">Anne Holt.</marc:subfield>
        </marc:datafield>
        <marc:datafield tag="260" ind1=" " ind2=" ">
            <marc:subfield code="a">London :</marc:subfield>
            <marc:subfield code="b">Sphere,</marc:subfield>
            <marc:subfield code="c">2007.</marc:subfield>
        </marc:datafield>
        <marc:datafield tag="300" ind1=" " ind2=" ">
            <marc:subfield code="a">343 p. ;</marc:subfield>
            <marc:subfield code="c">24 cm.</marc:subfield>
        </marc:datafield>
        <marc:datafield tag="336" ind1=" " ind2=" ">
            <marc:subfield code="a">text</marc:subfield>
            <marc:subfield code="b">txt</marc:subfield>
            <marc:subfield code="2">http://rdaregistry.info/termList/RDAContentType/1020</marc:subfield>
        </marc:datafield>
        <marc:datafield tag="337" ind1=" " ind2=" ">
            <marc:subfield code="a">unmediated</marc:subfield>
            <marc:subfield code="2">http://rdaregistry.info/termList/RDAMediaType/1007</marc:subfield>
        </marc:datafield>
        <marc:datafield tag="338" ind1=" " ind2=" ">
            <marc:subfield code="a">volume</marc:subfield>
            <marc:subfield code="b">nc</marc:subfield>
            <marc:subfield code="2">http://rdaregistry.info/termList/RDACarrierType/1049</marc:subfield>
        </marc:datafield>
        <marc:datafield tag="490" ind1="0" ind2=" ">
            <marc:subfield code="a">Vik/Stubø serien.</marc:subfield>
        </marc:datafield>
        <marc:datafield tag="534" ind1=" " ind2=" ">
            <marc:subfield code="a">Orginaltittel: Det som aldri skjer.</marc:subfield>
        </marc:datafield>
        <marc:datafield tag="600" ind1="1" ind2="4">
            <marc:subfield code="a">Vik, Inger Johanne,</marc:subfield>
            <marc:subfield code="c">fiktiv person</marc:subfield>
        </marc:datafield>
        <marc:datafield tag="600" ind1="1" ind2="4">
            <marc:subfield code="a">Stubø, Yngvar,</marc:subfield>
            <marc:subfield code="c">fiktiv person</marc:subfield>
        </marc:datafield>
        <marc:datafield tag="655" ind1=" " ind2="4">
            <marc:subfield code="a">Kriminal</marc:subfield>
        </marc:datafield>
    </marc:record>